<record><leader>00000cas a2200000 a 4500</leader><controlfield tag="001">28492263</controlfield><controlfield tag="008">930723d19241951caudn ne      0    0eng c</controlfield><datafield ind1=" " ind2=" " tag="010"><subfield code="a">sn 93051528 </subfield></datafield><datafield ind1=" " ind2=" " tag="040"><subfield code="a">CUY</subfield><subfield code="b">eng</subfield><subfield code="c">CNK</subfield><subfield code="d">OCLCQ</subfield><subfield code="d">CNK</subfield><subfield code="d">OCLCQ</subfield><subfield code="d">OCLCF</subfield><subfield code="d">OCLCO</subfield></datafield><datafield ind1="1" ind2=" " tag="029"><subfield code="a">AU@</subfield><subfield code="b">000025894340</subfield></datafield><datafield ind1=" " ind2=" " tag="042"><subfield code="a">pcc</subfield></datafield><datafield ind1=" " ind2=" " tag="043"><subfield code="a">n-us-ca</subfield></datafield><datafield ind1="0" ind2=" " tag="130"><subfield code="a">Morning times herald (Vallejo, Calif.)</subfield></datafield><datafield ind1="1" ind2="0" tag="245"><subfield code="a">Morning times herald.</subfield></datafield><datafield ind1="3" ind2="0" tag="246"><subfield code="a">Times herald</subfield></datafield><datafield ind1="1" ind2="7" tag="246"><subfield code="a">Vallejo times herald</subfield></datafield><datafield ind1=" " ind2=" " tag="260"><subfield code="a">Vallejo, Calif. :</subfield><subfield code="b">Times-Herald Pub. Co.</subfield></datafield><datafield ind1=" " ind2=" " tag="300"><subfield code="a">v.</subfield></datafield><datafield ind1=" " ind2=" " tag="310"><subfield code="a">Daily (except Mon.)</subfield></datafield><datafield ind1="0" ind2=" " tag="362"><subfield code="a">Vol. 90, no. 5 (Jan. 6, 1924)-v. 101, no. 312 (Dec. 30, 1936) ; 62nd year, no. 1 (Jan. 2, 1937)-76th year, no. 242 (Apr. 30, 1951).</subfield></datafield><datafield ind1=" " ind2=" " tag="530"><subfield code="a">Master negatives are available for duplication from:</subfield><subfield code="b">California Newspaper Microfilm Archive;</subfield><subfield code="c">positive copies may be purchased by the reel; for further information consult the CNMA at:</subfield><subfield code="u">http://cbsr.ucr.edu</subfield></datafield><datafield ind1=" " ind2="0" tag="651"><subfield code="a">Vallejo (Calif.)</subfield><subfield code="v">Newspapers.</subfield></datafield><datafield ind1=" " ind2="7" tag="655"><subfield code="a">Newspapers.</subfield><subfield code="2">fast</subfield><subfield code="0">(OCoLC)fst01423814</subfield></datafield><datafield ind1=" " ind2="7" tag="651"><subfield code="a">California</subfield><subfield code="z">Vallejo.</subfield><subfield code="2">fast</subfield><subfield code="0">(OCoLC)fst01206764</subfield></datafield><datafield ind1=" " ind2=" " tag="752"><subfield code="a">United States</subfield><subfield code="b">California</subfield><subfield code="c">Solano</subfield><subfield code="d">Vallejo.</subfield></datafield><datafield ind1="0" ind2=" " tag="775"><subfield code="a">Vallejo evening news chronicle</subfield><subfield code="w">(DLC)sn 93051522</subfield></datafield><datafield ind1="0" ind2="0" tag="780"><subfield code="a">Vallejo morning times herald</subfield><subfield code="w">(DLC)sn 97069167</subfield></datafield><datafield ind1="0" ind2="0" tag="785"><subfield code="t">Vallejo times-herald (Vallejo, Calif. : 1951)</subfield><subfield code="w">(DLC)sn 93051529</subfield></datafield></record>